@misc{mccusick,
  author = {Marshall Kirk McCusick and George V. Neville-Neil},
  title = {Design and Implementation of the FreeBSD Operating System 2/e},
  publisher = {Addison-Wesley},
  year      = 2015,
  isbn      = {978-0-32196897-5}
}

@misc{russinovich,
	author = {{Mark Russinovich, David Solomon, and Alex Ionescu}},
  	title = {Windows Internals, Part 1 6/e},
  	publisher = {Microsoft Press},
  	year      = 2012,
  	isbn      = {978-0-73564873-9}
}

@misc{love,
	author = {Robert Love},
  	title = {Linux Kernel Development 3/e},
  	publisher = {Addison-Wesley},
  	year      = 2010,
  	isbn      = {978-1-672-32946-3}
}

@misc{freebsdarch,
	author = {FreeBSD Community},
	title = {FreeBSD Architecture Handbook},
	publisher = {FreeBSD Project},
	year	= 2016
}
